<?xml version="1.0" encoding="UTF-8"?><collection xmlns="http://www.loc.gov/MARC21/slim"><record><leader>00561nam--2200193-i-4500</leader><controlfield tag="001">000008006</controlfield><controlfield tag="002">20161230</controlfield><controlfield tag="005">20161230201027</controlfield><controlfield tag="008">060222s1000------------r-----000-0-fre-d</controlfield><datafield ind1=" " ind2=" " tag="040"><subfield code="a">IFIN-HH</subfield></datafield><datafield ind1=" " ind2=" " tag="041"><subfield code="a">fre</subfield></datafield><datafield ind1=" " ind2=" " tag="080"><subfield code="a">539.1.073.3</subfield></datafield><datafield ind1="1" ind2=" " tag="110"><subfield code="a">Societe Francaise Des Electroniciens Et Des Radioelectroniciens</subfield></datafield><datafield ind1="1" ind2="0" tag="245"><subfield code="a">Chambres a bulles francaises au c.e.r.n</subfield></datafield><datafield ind1=" " ind2=" " tag="260"><subfield code="a">Paris</subfield><subfield code="b">Editions Chiron</subfield><subfield code="c">1961</subfield></datafield><datafield ind1=" " ind2=" " tag="300"><subfield code="a">/969-1046/P</subfield></datafield><datafield ind1=" " ind2=" " tag="490"><subfield code="a">L'Onde Electronique</subfield><subfield code="v">Vol. Xli No.17</subfield></datafield><datafield ind1=" " ind2=" " tag="852"><subfield code="a">25774</subfield><subfield code="c">539.1.07:539.1.08</subfield></datafield><datafield ind1=" " ind2=" " tag="CAT"><subfield code="a">Sys</subfield><subfield code="c">20111019</subfield><subfield code="h">144811</subfield></datafield></record></collection>